<?xml version="1.0" encoding="UTF-8"?><collection xmlns="http://www.loc.gov/MARC21/slim"><record><leader>00292nam--2200109-i-4500</leader><controlfield tag="001">000041648</controlfield><controlfield tag="002">20161230</controlfield><controlfield tag="005">20161230201043</controlfield><controlfield tag="008">060222s1000------------r-----000-0-eng-d</controlfield><datafield ind1=" " ind2=" " tag="100"><subfield code="a">Simmons,W.A. And Tuan,S.F</subfield></datafield><datafield ind1=" " ind2=" " tag="260"><subfield code="a">Los Angeles, California, Western Periodicals Comp.,1970. 169 P</subfield></datafield><datafield ind1=" " ind2=" " tag="852"><subfield code="a">36129</subfield></datafield></record></collection>